% This file was created with JabRef 2.10.
% Encoding: Cp1252


@InProceedings{baumgartner2005performance,
  Title                    = {Performance of forward error correction for IEEE 802.16 e},
  Author                   = {Baumgartner, B and Reinhardt, M and Richter, G and Bossert, M},
  Booktitle                = {Proc. of International OFDM Workshop},
  Year                     = {2005},
  Organization             = {Citeseer}
}

@InProceedings{brack2006synthesizable,
  Title                    = {A synthesizable IP core for WIMAX 802.16 e LDPC code decoding},
  Author                   = {Brack, Torben and Alles, Matthias and Kienle, Frank and Wehn, Norbert},
  Booktitle                = {Personal, Indoor and Mobile Radio Communications, 2006 IEEE 17th International Symposium on},
  Year                     = {2006},
  Organization             = {IEEE},
  Pages                    = {1--5}
}

@Article{morello2006dvb,
  Title                    = {DVB-S2: the second generation standard for satellite broad-band services},
  Author                   = {Morello, Alberto and Mignone, Vittoria},
  Journal                  = {Proceedings of the IEEE},
  Year                     = {2006},
  Number                   = {1},
  Pages                    = {210--227},
  Volume                   = {94},

  Publisher                = {IEEE}
}

